%% This BibTeX bibliography file was created using BibDesk.
%% http://bibdesk.sourceforge.net/


%% Created for Axel Kielhorn at 2011-09-13 14:48:21 +0200 


%% Saved with string encoding Unicode (UTF-8) 



@manual{Ziele-sm,
	Author = {Axel Kielhorn},
	Date-Added = {2011-09-04 10:11:14 +0200},
	Date-Modified = {2011-09-04 10:11:53 +0200},
	Note = {\url{http://tug.org/TUGboat/tb32-3/tb102kielhorn-supp.zip}},
	Title = {Supplementary material},
	Year = {2011}}

@manual{Ziele-bm,
	Author = {Axel Kielhorn},
	Date-Added = {2011-09-04 10:10:29 +0200},
	Date-Modified = {2011-09-04 10:11:13 +0200},
	Note = {\url{http://www.dante.de/DTK/Software.html}},
	Title = {Ziele.zip},
	Year = {2011}}

@article{Ziele-TUGboat,
	Author = {Axel Kielhorn},
	Date-Added = {2011-09-04 10:10:29 +0200},
	Date-Modified = {2011-09-13 14:48:19 +0200},
	Journal = {TUGboat},
	Volume = {32},
	Title = {{Multi-target publishing}},
	Year = {2011}}

@article{Ziele-dtk,
	Author = {Axel Kielhorn},
	Date-Added = {2011-09-04 10:10:29 +0200},
	Date-Modified = {2011-09-13 14:48:19 +0200},
	Journal = {Die TeXnische Kom{\"o}die},
	Volume = {3},
	Pages = {21--32},
	Title = {{Viele Ziele -- Multi-Target Publishing}},
	Year = {2011}}

@manual{sigil,
	Author = {Strahinja Markovi{\'c}},
	Date-Added = {2011-09-04 10:09:56 +0200},
	Date-Modified = {2011-09-04 10:10:27 +0200},
	Note = {\url{http://code.google.com/p/sigil/}},
	Title = {Sigil -- A WYSIWYG ebook editor},
	Year = {2011}}

@manual{pandoc-extra,
	Author = {John MacFarlane},
	Date-Added = {2011-09-04 10:08:52 +0200},
	Date-Modified = {2011-09-04 10:09:35 +0200},
	Note = {\url{http://github.com/jgm/pandoc/wiki/Pandoc-Extras}},
	Title = {Pandoc Extras},
	Year = {2011}}

@manual{pandoc-md,
	Author = {John MacFarlane},
	Date-Added = {2011-09-04 10:08:24 +0200},
	Date-Modified = {2011-09-04 10:08:46 +0200},
	Title = {Pandoc markdown (5)},
	Year = {2011}}

@manual{pandoc-um,
	Author = {John MacFarlane},
	Date-Added = {2011-09-04 10:06:49 +0200},
	Date-Modified = {2011-09-04 10:08:04 +0200},
	Title = {Pandoc User Manuals (1)},
	Year = {2011}}

@manual{pandoc,
	Author = {John MacFarlane},
	Date-Added = {2011-09-04 10:04:10 +0200},
	Date-Modified = {2011-09-04 10:06:48 +0200},
	Note = {\url{http://johnmacfarlane.net/pandoc/}},
	Title = {Pandoc -- About pandoc},
	Year = {2011}}

@manual{gruber,
	Author = {John Gruber},
	Date-Added = {2011-09-04 09:59:44 +0200},
	Date-Modified = {2011-09-04 10:03:13 +0200},
	Note = {\url{http://daringfireball.net/projects/markdown/}},
	Title = {Daring Fireball: Markdown},
	Year = {2004}}

@manual{csl,
	Author = {Bruce D'Arcus and Frank G. Bennett Jr. and Rintze M. Zelle},
	Date-Added = {2011-11-18 09:25:44 +0200},
	Date-Modified = {2011-11-18 09:25:44 +0200},
	Note = {\url{https://github.com/citation-style-language/styles}},
	Title = {Citation style language: Styles},
	Year = {2011}}
